@inproceedings{pickem_icra_2015,
    author = {Daniel {Pickem} and Myron {Lee} and Magnus {Egerstedt}},
    title = {The {GRITSBot} in its Natural Habitat - A Multi-robot Testbed},
    booktitle = {Proc. IEEE ICRA},
    pages = {4062--4067},
    address = "Seattle, WA, USA",
    month = may # " 26--30,",
    year = {2015},
    publisher_ = {IEEE}
}

@inproceedings{rubenstein_icra_2012,
    author = {Michael {Rubenstein} and Christian {Ahler} and Radhika {Nagpal}},
    title = {{Kilobot}: A Low Cost Scalable Robot System for Collective Behaviors},
    booktitle = {Proc. IEEE ICRA},
    pages = {3293--3298},
    address = "Saint Paul, MN, USA",
    month = may # " 14--18,",
    year = {2012},
    publisher_ = {IEEE}
}

@inproceedings{sabelhaus_icra_2013,
    author = {Andrew P. {Sabelhaus} and Daniel {Mirsky} and L. Maxwell {Hill} and Nuno C. {Martins} and Sarah {Bergbreiter}},
    title = {{TinyTeRP}: A Tiny Terrestrial Robotic Platform with Modular Sensing},
    booktitle = {Proc. IEEE ICRA},
    pages = {2600--2605},
    address = "Karlsruhe, Germany",
    month = may # " 6--10,",
    year = {2013},
    publisher_ = {IEEE}
}

@inproceedings{legoc_uist_2016,
    author = {Mathieu {Le Goc} and Lawrence H. {Kim} and Ali {Parsaei} and Jean-Daniel {Fekete} and Pierre {Dragicevic} and Sean {Follmer}},
    title = {{Zooids}: Building Blocks for Swarm User Interfaces},
    booktitle = {Proc. ACM UIST},
    pages = {97--109},
    address = "Tokyo, Japan",
    month = oct # " 16--19,",
    year = {2016},
    publisher_ = {ACM}
}

@inproceedings{kim_iros_2016, 
    author = {Justin Y. {Kim} and Tyler {Colaco} and Zendai {Kashino} and Goldie {Nejat} and Beno {Benhabib}}, 
    title = {{mROBerTO}: A Modular Millirobot for Swarm-behavior studies}, 
    booktitle = {Proc. IEEE/RSJ IROS}, 
    pages = {2109--2114},
    address = "Daejeon, Korea",
    month= oct # " 9--14,",
    year = {2016},
    publisher_ = {IEEE}
}

@inproceedings{kaplan_iros_2016,
    author = {Adam {Kaplan} and Nathaniel {Kingry} and Justin {Van Den Top} and Kishan {Patel} and Ran {Dai} and David {Grymin}},
    title = {Motion Planning for Persistent Traveling Solar-powered Unmanned Ground Vehicles},
    booktitle = {Proc. IEEE/RSJ IROS},
    pages = {3212--3218},
    address = "Daejeon, Korea",
    month = oct # " 9--14,",
    year = {2016},
    publisher_ = {IEEE}
}

@inproceedings{otten_icra_2015, 
    author={Nathan D. {Otten} and Heather L. {Jones} and David S. {Wettergreen} and William L. {Whittaker}}, 
    title = {Planning Routes of Continuous Illumination and Traversable Slope using Connected Component Analysis}, 
    booktitle = {Proc. IEEE ICRA},
    pages = {3953--3958}, 
    address = "Seattle, WA, USA",
    month = may # " 26--30,",
    year = {2015},
    publisher_ = {IEEE}
}

@article{plonski_tranro_2016,
    author = {Patrick A. {Plonski} and Joshua {Vander Hook} and Volkan {Isler}},
    title = {Environment and Solar Map Construction for Solar-Powered Mobile Systems},
    journal = IEEE_J_RO,
    pages = {70--82},
    volume = {32},
    number = {1},
    month = feb,
    year = {2016}
}

@article{kemal_mech_2015,
    author = {N. Kemal {Ure} and Girish {Chowdhary} and Tuna {Toksoz} and Jonathan P. {How} and Matthew A. {Vavrina} and John {Vian}},
    title = {An Automated Battery Management System to Enable Persistent Missions With Multiple Aerial Vehicles},
    journal = IEEE_J_MECH,
    pages = {275--286},
    volume = {20},
    number = {1},
    month = feb,
    year = {2015}
}

@article{zhang_conel_2013,
    author = {Jun {Zhang} and Guangming {Song} and Yuya {Li} and Guifang {Qiao} and Zhiwen {Li}},
    title = {Battery Swapping and Wireless Charging for a Home Robot System with Remote Human Assistance},
    journal = IEEE_J_CE,
    pages = {747--755},
    volume = {59},
    number = {4},
    month = nov,
    year = {2013}
}


@inproceedings{bruhwiler_iros_2015, 
    author = {Remo {Brühwiler} and Benjamin {Goldberg} and Neel {Doshi} and Onur {Ozcan} and Noah {Jafferis} and Michael {Karpelson} and Robert J. {Wood}}, 
    title = {Feedback Control of a Legged Microrobot with On-board Sensing}, 
    booktitle = {Proc. IEEE/RSJ IROS}, 
    pages = {5727--5733},
    address = "Hamburg, Germany",
    month = {Sept 28~--~Oct. 2},
    year = {2015},
    publisher_ = {IEEE}
}

@inproceedings{karpelson_icra_2014,
    author = {Michael {Karpelson} and Benjamin H. {Waters} and Benjamin {Goldberg} and Brody {Mahoney} and Onur {Ozcan} and Andrew {Baisch} and Pierre-Marie {Meyitang} and Joshua R. {Smith} and Robert J. {Wood}},
    title = {A Wirelessly Powered, Biologically Inspired Ambulatory Microrobot},
    booktitle = {Proc. IEEE ICRA},
    pages = {2384--2391},
    address = "Hong Kong, China",
    month = {May 31~--~Nov. 4},
    year = {2014},
    publisher_ = {IEEE}
}

@inproceedings{baisch_iros_2013, 
    author = {Andrew T. {Baisch} and Robert. J. {Wood}}, 
    title={Pop-up Assembly of a Quadrupedal Ambulatory MicroRobot},
    booktitle={Proc. IEEE/RSJ IROS}, 
    pages = {1518--1524}, 
    address = "Tokyo, Japan",
    month = nov # " 3--7,",
    year = {2013},
    publisher_ = {IEEE}
}

@article{zachary_spec_2016,
    title = {The search for a better battery: Government funding and venture capital won't buy us better batteries anytime soon [{Spectral Lines}]},
    author = {G. Pascal {Zachary}},
    journal = {IEEE Spectrum},
    volume = {53},
    number = {5},
    pages = {7--7},
    month = apr,
    year = {2016},
    publisher_ = {IEEE}
}

@article{prasad_comst_2014,
    title = "Reincarnation in the Ambiance: Devices and Networks with Energy Harvesting",
    author = "R. Venkatesha {Prasad} and Shruti {Devasenapathy} and Vijay S. {Rao} and Javad Vazifehdan",
    journal = IEEE_O_CSTO,
    year = "2014",
    volume = 11,
    number = "1",
    month = "First Quarter",
    pages = "195--213",
    publisher_ = "IEEE"
}

@article{ongaro_pwre_2012, 
    author = {Fabio {Ongaro} and Stefano {Saggini} and Paolo {Mattavelli}}, 
    title = {Li-Ion Battery-Supercapacitor Hybrid Storage System for a Long Lifetime, Photovoltaic-Based Wireless Sensor Network}, 
    journal = IEEE_J_PWRE, 
    volume = {27}, 
    number = {9}, 
    pages = {3944--3952},   
    month = sep,
    year = {2012},
    publisher_ = {IEEE}
}

@article{patel_pvc_2017, 
    author = {Shwetak N. {Patel} and Joshua R. {Smith}},
    title = {Powering Pervasive Computing Systems}, 
    journal = IEEE_M_PVC,
    volume = {16}, 
    number = {3}, 
    pages = {32--38},
    month = jul,
    year = {2017}, 
    publisher_ = {IEEE}
}

@inproceedings{palosi_cf_2016,
    title = {Self-Sustainability in Nano Unmanned Aerial Vehicles: A Blimp Case Study},
    author = {Danielle {Palosi} and Andreas {Gomez} and Stefan {Draskovic} and Kevin {Keller} and Luca {Benini} and Lothar {Thiele}},
    booktitle = {Proc. ACM CF},
    pages = {79--88},
    address = "Siena, Italy",
    month = may # " 15--17,", 
    year = {2017},
    publisher_ = {ACM}
}

@inproceedings{dementyev_uist_2016,
    title = {Rovables: Miniature On-Body Robots as Mobile Wearables},
    author = {Artem {Dementyev} and Hsin-Liu Cindy {Kao} and Inrak {Choi} and Deborah {Ajilo} and Maggie {Xu} and Joseph A {Paradiso} and Chris {Schmandt} and Sean {Follmer}},
    booktitle = {Proc. ACM UIST},
    pages = {111--120},
    address = "Tokyo, Japan",
    month = oct # " 16--19,", 
    year = {2016},
    publisher_ = {ACM}
}

@inproceedings{rubenstein_icra_2015, 
    title ={AERobot: An affordable one-robot-per-student system for early robotics education}, 
    author = {Michael {Rubenstein} and Bo {Cimino} and Radhika {Nagpal} and Justin {Werfel}}, 
    booktitle = {Proc. IEEE ICRA},
    pages = {6107--6113},
    address = "Seattle, WA, USA",
    month = may # " 26--30,",
    year = {2015},
    publisher_ = {IEEE}
}

@inproceedings{galea_iros_2017,
    title = {Tethered flight control of a small quadrotor robot for stippling},
    author = {Brendan {Galea} and Paul G. {Kry}},
    booktitle = {Proc. IEEE/RSJ IROS},
    pages = {1714--1718},
    address = "Vancouver, BC, Canada",
    month = sep # " 24--28,", 
    year = {2017},
    publisher_ = {IEEE}
}


@article{sample_transim_2008,
    author = {Alanson P. {Sample} and Daniel J. {Yeager} and Pauline S. {Powledge} and Alexander V. {Mamishev} and Joshua R. {Smith}},
    title = {Design of an RFID-Based Battery-Free Programmable Sensing Platform},
    journal = IEEE_J_IM,
    volume = {57},
    number = {11},
    pages = {2608--2615},
    month = nov,
    year = {2008},
    publisher_ = {IEEE}
}

@inproceedings{naderiparizi_rfid_2015,
    author = {Saman {Naderiparizi} and Aaron N. {Parks} and  Zerina {Kapetanovic} and Benjamin {Ransford} and Joshua R. {Smith}},
    title = {WISPCam: A Battery-free RFID Camera},
    booktitle = {Proc. IEEE RFID},
    pages = {166--173},
    address = "San Diego, CA, USA",
    month = apr # " 15--17,",
    year = {2015},
    publisher_ = {IEEE}
}

@inproceedings{gummerson_mobisys_2010,
    author = {Jeremy {Gummeson} and Shane S. {Clark} and Kevin {Fu} and Deepak {Ganesan}},
    title = {On the Limits of Effective Hybrid Micro-energy Harvesting on Mobile {CRFID} Sensors},
    booktitle = {Proc. ACM MobiSys},
    pages = {195--208},
    address = "San Francisco, CA, USA",
    month = jun # " 15--18,",
    year = {2010},
    publisher_ = {ACM}
}

@inproceedings{trenkwalder_iros_2016, 
    author = {Stefan M. {Trenkwalder} and Yuri Kaszubowski {Lopes} and Andreas {Kolling} and Anders L. {Christensen} and Radu {Prodan} and Roderich {Groß}}, 
    booktitle = {Proc. IEEE/RSJ IROS}, 
    title = {OpenSwarm: An Event-driven Embedded Operating System for Miniature Robots}, 
    pages = {4483--4490}, 
    address = "Daejeon, Korea",
    month= oct # " 9--14,",
    year = {2016},
    publisher_ = {IEEE}
}

@inproceedings{pinciroli_iros_2016, 
    author = {Carlo {Pinciroli} and Giovanni {Beltrame}}, 
    booktitle = {Proc. IEEE/RSJ IROS}, 
    title = {Buzz: An Extensible Programming Language for Heterogeneous Swarm Robotics},  
    pages = {3794--3800}, 
    address = "Daejeon, Korea",
    month= oct # " 9--14,",
    year = {2016},
    publisher_ = {IEEE}
}

@article{konstantopoulos_im_2016, 
    author = {Christos {Konstantopoulos} and Eftichios {Koutroulis} and Nikolaos {Mitianoudis} and Aggelos {Bletsas}}, 
    title = {Converting a Plant to a Battery and Wireless Sensor with Scatter Radio and Ultra-Low Cost}, 
    journal = IEEE_J_IM,
    volume = {65}, 
    number = {2}, 
    pages = {388--398},  
    month = feb,
    year = {2016},
    publisher_ = {IEEE}
}

@inproceedings{ransford_asplos_2011,
    author = {Benjamin {Ransford} and Jacob {Sorber} and Kevin {Fu}},
    booktitle = {Proc. ACM ASPLOS},
    title = {Mementos: System Support for Long-running Computation on RFID-scale Devices},
    pages = {159--170},
    address = {New York, NY, USA},
    month= mar # " 5--11,",
    year = {2011},
    publisher_ = {ACM}
} 

@inproceedings{vanderwoude_osdi_2016,
    author = {Joel {Van Der Woude} and Matthew {Hicks}},
    title = {Intermittent Computation Without Hardware Support or Programmer Intervention},
    booktitle = {Proc. OSDI},
    pages = {17--32},
    address = {Berkeley, CA, USA},
    month = nov # " 2--4,",
    year = {2016},
    publisher_ = {USENIX Association},
} 

@inproceedings{Colin_oopsla_2017,
    author = {Alexei {Colin} and Brandon {Lucia}},
    title = {Chain: Tasks and Channels for Reliable Intermittent Programs},
    booktitle = {Proc. ACM OOPSLA},
    pages = {514--530},
    address = {Amsterdam, Netherlands},
    month = nov # " 30--4,",
    year = {2016},
    publisher_ = {ACM}
}

@article{Gonzalez_rser_2017,
    author = {Ander González and Eider Goikolea and Jon Andoni Barrena and Roman Mysyk},
    title = {Review on supercapacitors: Technologies and materials},
    journal = {Renewable and Sustainable Energy Reviews},
    volume = {58},
    number = {Supplement C},
    pages = {1189--1206},
    month = may,
    year = {2016},
    publisher_ = {Elsevier}
}

@article{barca_sekercioglu_2013,
    author = {Jan Carlo {Barca} and Y. Ahmet {Sekercioglu}},
    title = {Swarm robotics reviewed},
    journal = {Robotica},
    volume = {31}, 
    number = {3}, 
    pages = {345--359}, 
    month = may,
    year = {2013}, 
    publisher_ = {Cambridge University Press}
}