@article{nadeau_nbe_2017,
    author = {Philip {Nadeau}, Dina {El-Damak}, Dean {Glettig}, Young Lin {Kong}, Stacy {Mo}, Cody {Cleveland}, Lucas {Booth}, Niclas {Roxhed}, Robert {Langer}, Anantha P. {Chandrakasan}, Gioavanni {Traverso}},
    title = {Prolonged energy harvesting for ingestible devices},
    journal = "nature biomedical engineering",
    volume = {1},
    number = {22},
    month = feb,
    year = {2017}
}

@masterthesis{garcia_saura_2015,
    author = {Carlos {Garcia-Saura}},
    title = {Self-calibration of a differential wheeled robot using only a gyroscope and a distance sensor},
    school = {Imperial college London},
    month = sep, 
    year = {2015}
};

@electronic{wisp5_wiki_2017,
    title = {WISP 5.0 wiki},
    url = "http://wisp5.wikispaces.com/",
    year = {2017}
};
