
@electronic{max44000_product_2017,
    author = {Maxim Integrated},
    title = {MAX44000 Ambient and Infrared Proximity Sensor},
    url = "https://www.maximintegrated.com/en/products/analog/sensors-and-sensor-interface/MAX44000.html",
    year = {2017}
};

@electronic{bgm250_product_2017,
    author = {Bosch Sensortec},
    title = {BMG250},
    url = "https://www.bosch-sensortec.com/bst/products/all_products/bmg250",
    year = {2017}
};

@electronic{206_110_product_2017,
    author = {Presision Microdrives},
    title = {206-110 6MM DC GEARMOTOR - 16MM TYPE},
    url = "https://www.precisionmicrodrives.com/product/206-110-6mm-dc-gearmotor-16mm-type",
    year = {2017}
};

@electronic{drv8836_product_2017,
    author = {Texas Instruments},
    title = {DRV8836 1.5A Low Voltage Stepper or Single/Dual Brushed DC Motor Driver (PWM or PH/EN Ctrl)},
    url = "http://www.ti.com/product/DRV8836",
    year = {2017}
};

@electronic{bq25570_product_2017,
    author = {Texas Instruments},
    title = {BQ25570 Ultra Low Power Harvester Power Management IC with Boost Charger, and Nanopower Buck Converter},
    url = "http://www.ti.com/product/BQ25570",
    year = {2017}
};
