@inproceedings{pickem_icra_2015,
   author = {Daniel {Pickem} and Myron {Lee} and Magnus {Egerstedt}},
   title = {The {GRITSBot} in its Natural Habitat - A Multi-robot Testbed},
   booktitle = {Proc. IEEE International Conference on Robotics and Automations},
   pages_ = {4062--4067},
   address = "Seattle, WA, USA",
   month = may # " 26--30,",
   year = {2015}
}

@inproceedings{rubenstein_icra_2012,
   author = {Michael {Rubenstein} and Christian {Ahler} and Radhika {Nagpal}},
   title = {{Kilobot}: A Low Cost Scalable Robot System for Collective Behaviors},
   booktitle = {Proc. IEEE International Conference on Robotics and Automation},
   pages_ = {3293--3298},
   address = "Saint Paul, MN, USA",
   month = may # " 14--18,",
   year = {2012}
}

@inproceedings{sabelhaus_icra_2013,
   author = {Andrew P. {Sabelhaus} and Daniel {Mirsky} and L. Maxwell {Hill} and Nuno C. {Martins} and Sarah {Bergbreiter}},
   title = {{TinyTeRP}: A Tiny Terrestrial Robotic Platform with Modular Sensing},
   booktitle = {Proc. IEEE International Conference on Robotics and Automation},
   pages_ = {2600--2605},
   address = "Karlsruhe, Germany",
   month = may # " 6--10,",
   year = {2013}
}

@inproceedings{kaplan_icra_2016,
   author = {Adam {Kaplan} and Nathaniel {Kingry} and Justin {Van Den Top} and Kishan {Patel} and Ran {Dai} and David {Grymin}},
   title = {Motion Planning for Persistent Traveling Solar-powered Unmanned Ground Vehicles},
   booktitle = {Proc. IEEE/RSJ International Conference on Intelligent Robots and Systems},
   pages_ = {3212--3218},
   address = "Daejeon, Korea",
   month = oct # " 9--14,",
   year = {2016},
}

@article{plonski_transro_2016,
   author = {Patrick A. {Plonski} and Joshua {Vander Hook} and Volkan {Isler}},
   title = {Environment and Solar Map Construction for Solar-Powered Mobile Systems},
   journal = IEEE_J_RO,
   pages = {70--82},
   volume = {32},
   number = {1},
   month = feb,
   year = {2016}
}

@article{kemal_mech_2015,
   author = {N. Kemal {Ure} and Girish {Chowdhary} and Tuna {Toksoz} and Jonathan P. {How} and Matthew A. {Vavrina} and John {Vian}},
   title = {An Automated Battery Management System to Enable Persistent Missions With Multiple Aerial Vehicles},
   journal = IEEE_J_MECH,
   pages = {275--286},
   volume = {20},
   number = {1},
   month = feb,
   year = {2015}
}

@article{zhang_conel_2013,
   author = {Jun {Zhang} and Guangming {Song} and Yuya {Li} and Guifang {Qiao} and Zhiwen {Li}},
   title = {Battery Swapping and Wireless Charging for a Home Robot System with Remote Human Assistance},
   journal = IEEE_J_CE,
   pages = {747--755},
   volume = {59},
   number = {4},
   month = nov,
   year = {2013}
}

@inproceedings{karpelson_icra_2014,
   author = {Michael {Karpelson} and Benjamin H. {Waters} and Benjamin {Goldberg} and Brody {Mahoney} and Onur {Ozcan} and Andrew {Baisch} and Pierre-Marie {Meyitang} and Joshua R. {Smith} and Robert J. {Wood}},
   title = {A Wirelessly Powered, Biologically Inspired Ambulatory Microrobot},
   booktitle = {Proc. IEEE International Conference on Robotics and Automation},
   pages_ = {2384--2391},
   address = "Hong Kong, China",
   month = {May 31~--~Nov. 4},
   year = {2014},
}



@inproceedings{gummerson_mobisys_2010,
   author = {Jeremy {Gummeson} and Shane S. {Clark} and Kevin {Fu} and Deepak {Ganesan}},
   title = {On the Limits of Effective Hybrid Micro-energy Harvesting on Mobile {CRFID} Sensors},
   booktitle = {Proc. 8th international conference on Mobile systems, applications, and services},
   pages_ = {195--208},
   address = "San Francisco, CA, USA",
   month = jun # " 15--18,",
   year = {2010},
}
